@inbook{
	Dameray_Levenshtein,
	author="Черненький В. М., Гапанюк Ю. Е.",
	title="Методика идентификации пассажира по установочным данным / Вестник МГТУ им. Н.Э. Баумана. Сер. “Приборостроение”",
	volume=163,
	chapter=4,
	publisher="--- М.: Издательство МГТУ им. Н.Э. Баумана",
	pages="30-34",
	language="russian",
	year=2012
}

@inbook{
	Levenshtein,
	author="Левенштейн, В. И.",
	title="Двоичные коды с исправлением выпадений, вставок и замещений символов / Доклады АН СССР.",
	publisher="-- М.: «Наука»",
	volume=163,
	chapter=4,
	pages="845--848",
	language="russian",
	year=1965
}


@misc{pythonlang,
	title="The Go Programming Language Documentation [Электронный ресурс]",
	howpublished="Режим доступа: \url{https://go.dev/doc/} (дата обращения: 05.10.2022)"
}

@misc{pythonlangtime,
	title="time — Linux Time Command | Linuxize [Электронный ресурс]",
	howpublished="Режим доступа: \url{https://linuxize.com/post/linux-time-command/} (дата обращения: 05.10.2022)"
}


@misc{cache,
	title="Кеш -- Википедия [Электронный ресурс]",
	howpublished="Режим доступа: \url{https://ru.wikipedia.org/wiki/Кэш} (дата обращения: 03.10.2022)"
}

@misc{ubuntu,
	title="Manjaro [Электронный ресурс]",
	howpublished="Режим доступа: \url{https://manjaro.org/} (дата обращения: 03.10.2022)"
}

@misc{linux,
	title="Linux -- Википедия [Электронный ресурс]",
	howpublished="Режим доступа: \url{https://ru.wikipedia.org/wiki/Linux} (дата обращения: 04.10.2022)"
}

@misc{intel,
	title="Мобильный процессор AMD Ryzen™ 7 3700U [Электронный ресурс]",
	howpublished="Режим доступа: \url{https://www.amd.com/ru/products/apu/amd-ryzen-7-3700u} (дата обращения: 04.10.2022)"
}
