
@book{
	Knut,
	author="Дональд Кнут",
	title="Сортировка и поиск",
	publisher="Вильямс",
	volume=3,
	series="Искусство программирования",
	year=2000,
	pages=834
}


@misc{sheyker,
	title="Шейкерная сортировка (перемешиванием)  [Электронный ресурс]",
	howpublished="Режим доступа: \url{https://kvodo.ru/shaker-sort.html} (дата обращения: 18.10.2022)"
}

@misc{quick,
	title="Сортировка вставками  [Электронный ресурс]",
	howpublished="Режим доступа: \url{https://kvodo.ru/quicksort.html} (дата обращения: 18.010.2022)"
}

@misc{select,
	title="Сортировка выбором  [Электронный ресурс]",
	howpublished="Режим доступа: \url{https://kvodo.ru/sortirovka-vyiborom-2.html} (дата обращения: 12.09.2021)"
}


@misc{pythonlang,
	title="Справочник по языку C [Электронный ресурс]",
	howpublished="Режим доступа: \url{https://learn.microsoft.com/ru-ru/cpp/c-language/c-language-reference?view=msvc-170} (дата обращения: 04.09.2021)"
}

@misc{pythonlangtime,
	title="<sys/time.h> [Электронный ресурс]",
	howpublished="Режим доступа: \url{https://pubs.opengroup.org/onlinepubs/7908799/xsh/systime.h.html} (дата обращения: 04.09.2021)"
}


@misc{ubuntu,
	title="Manjaro [Электронный ресурс]",
	howpublished="Режим доступа: \url{https://manjaro.org/} (дата обращения: 03.10.2022)"
}

@misc{linux,
	title="Linux -- Википедия [Электронный ресурс]",
	howpublished="Режим доступа: \url{https://ru.wikipedia.org/wiki/Linux} (дата обращения: 04.10.2022)"
}

@misc{intel,
	title="Мобильный процессор AMD Ryzen™ 7 3700U [Электронный ресурс]",
	howpublished="Режим доступа: \url{https://www.amd.com/ru/products/apu/amd-ryzen-7-3700u} (дата обращения: 04.10.2022)"
}