
@book{
	piss,
	author="С. Писсарецки",
	title="Технология разреженных матриц",
	volume=3,
	year=1984,
	pages=355
}


@misc{pythonlang,
	title="Welcome to Python [Электронный ресурс]",
	howpublished="Режим доступа: \url{https://www.python.org} (дата обращения: 04.09.2021)"
}

@misc{pythonlangtime,
	title="time — Time access and conversions [Электронный ресурс]",
	howpublished="Режим доступа: \url{https://docs.python.org/3/library/time.html#functions} (дата обращения: 04.09.2021)"
}


@misc{ubuntu,
	title="Manjaro [Электронный ресурс]",
	howpublished="Режим доступа: \url{https://manjaro.org/} (дата обращения: 03.10.2022)"
}

@misc{linux,
	title="Linux -- Википедия [Электронный ресурс]",
	howpublished="Режим доступа: \url{https://ru.wikipedia.org/wiki/Linux} (дата обращения: 04.10.2022)"
}

@misc{intel,
	title="Мобильный процессор AMD Ryzen™ 7 3700U [Электронный ресурс]",
	howpublished="Режим доступа: \url{https://www.amd.com/ru/products/apu/amd-ryzen-7-3700u} (дата обращения: 04.10.2022)"
}