@inbook{dict,
	author="Шапошникова С.",
	title="Словари --- Лаборатория линуксоида [Электронный ресурс]",
	language="russian",
	year=2022,
	url="Режим доступа: \url{https://younglinux.info/python/dictionary} (дата обращения: 19.12.2022)"
}

@inbook{full-comb,
	author="Семёнов С. С., Педан А. В., Воловиков В. С., Климов И. С.",
	title="Анализ трудоёмкости различных алгоритмических подходов для решения задачи коммивояжёра",
	publisher="---  ООО «Корпорация «Интел Групп», Системы управления, связи и безопасности [Электронный ресурс]",
	language="russian",
	year=2022,
	url="Режим доступа: \url{https://cyberleninka.ru/article/n/analiz-trudoemkosti-razlichnyh-algoritmicheskih-podhodov-dlya-\
	resheniya-zadachi-kommivoyazhera} (дата обращения: 18.11.2022)"
}

@misc{pythondict,
	title="dict Python [Электронный ресурс]",
	howpublished="Режим доступа: \url{https://docs.python.org/3/library/2to3.html?highlight=dict#to3fixer-dict} (дата обращения: 04.09.2022)"
}

@misc{pythonlist,
	title="list Python [Электронный ресурс]",
	howpublished="Режим доступа: \url{https://docs.python.org/3/library/pdb.html?highlight=list#pdbcommand-list} (дата обращения: 04.09.2022)"
}

@misc{pythonlang,
	title="Welcome to Python [Электронный ресурс]",
	howpublished="Режим доступа: \url{https://www.python.org} (дата обращения: 04.09.2021)"
}

@misc{pythonlangtime,
	title="time — Time access and conversions [Электронный ресурс]",
	howpublished="Режим доступа: \url{https://docs.python.org/3/library/time.html#functions} (дата обращения: 04.09.2021)"
}


@misc{ubuntu,
	title="Manjaro [Электронный ресурс]",
	howpublished="Режим доступа: \url{https://manjaro.org/} (дата обращения: 03.10.2022)"
}

@misc{linux,
	title="Linux -- Википедия [Электронный ресурс]",
	howpublished="Режим доступа: \url{https://ru.wikipedia.org/wiki/Linux} (дата обращения: 04.10.2022)"
}

@misc{intel,
	title="Мобильный процессор AMD Ryzen™ 7 3700U [Электронный ресурс]",
	howpublished="Режим доступа: \url{https://www.amd.com/ru/products/apu/amd-ryzen-7-3700u} (дата обращения: 04.10.2022)"
}